@article{PhysRev.65.117,
  title = {Crystal Statistics. I. A Two-Dimensional Model with an Order-Disorder Transition},
  author = {Onsager, Lars},
  journal = {Phys. Rev.},
  volume = {65},
  issue = {3-4},
  pages = {117--149},
  numpages = {0},
  year = {1944},
  month = {Feb},
  publisher = {American Physical Society},
  doi = {10.1103/PhysRev.65.117},
  url = {https://link.aps.org/doi/10.1103/PhysRev.65.117}
}

@article{ThomasYoung,
  title = {Philosophical Transactions},
  author = {Thomas Young},
  journal = {Royal Society of London},
  volume = {94},
  year = {1801},
  publisher = {W. Bulmer and Co. Cleveland-Row},
  url = {https://books.google.no/books?id=7AZGAAAAMAAJ&pg=PA1&redir_esc=y#v=onepage&q&f=false}
}
@article{CLASS,
  title = {The Cosmic Linear Anisotropy Solving System (CLASS) II: Approximation schemes},
  author = {Diego Blas, Julien Lesgourgues, Thomas Tram},
  journal = {Journal of Cosmology and Astroparticle Physics (JCAP)},
  year = {2011}
}

@article{gevolution,
  title = {gevolution},
  author = {J. Adamek, D. Daverio, R. Durrer and Kunz M.},
  journal = {Nature Phys. 12, 346}, 
  year = {2016}
}

@misc{Callin,
  title = {How to calculate the CMB spectrum},
  author = {Petter Callin},
  year = {2006},
  publisher={Department of Physics, University of Oslo}
}

@article{Crank1947APM,
  title={A practical method for numerical evaluation of solutions of partial differential equations of the heat-conduction type},
  author={J. Crank and P. Nicolson},
  journal={Advances in Computational Mathematics},
  year={1947},
  volume={6},
  pages={207-226}
}

@misc{Morten15,
  author        = {Morten Hjorth-Jensen},
  title         = {Computational Physics},
  month         = {August},
  year          = {2015},
  publisher={Department of Physics, University of Oslo}
}

@article{Robert_2011,
    doi = {10.1214/10-sts351},
    url = {https://doi.org/10.1214%2F10-sts351},
    year = 2011,
    month = {feb},
    publisher = {Institute of Mathematical Statistics},
    volume = {26},
    number = {1},
    author = {Christian Robert and George Casella},
    title = {A Short History of Markov Chain Monte Carlo: Subjective Recollections from Incomplete Data},
    journal = {Statistical Science}
}

@book{griffiths:quantumn,
  author={David J. Griffiths, Darrel F Schroeter},
  title={Introduction to quantum mechanics},
  edition={3},
  publisher={Cambridge University Press},
  year={2018}
}
@book{Dodelson:MC,
  author={Scott  Dodelson, Fabian Schmidt},
  title={Modern Cosmology},
  edition={2},
  publisher={Academic Press},
  year={2021}
}

@misc{winther:2023,
  author={H. A. Winther},
  title={Numerical Project and Lecture Notes},
  year={2023}
}

@misc{Shen:2022,
  author={Sijing Shen},
  title={AST4320: Cosmology and Extragalactic Astrophysics Lecture 1 - 2},
  year={2022}
}
AST4320: Cosmology and Extragalactic Astrophysics Lecture 1 - 2

ENTRY
  { address
    archiveprefix                   %EDP Sciences le 30/11/2014
    author
    booktitle
    chapter
    edition
    editor
    howpublished
    institution
    eprint                    %EDP Sciences le 30/11/2014
    journal
    key
    month
    note
    number
    organization
    pages
    publisher
    school
    series
    title
    type
    volume
    year
